% bibtex file for  Chapter 03

@incollection{Lang:Secic:1997,
  author   = "Lang, T. and Secic, M.",
  title   = {{Considering 'prior probabilities': reporting Bayesian statistical analyses}},
  booktitle  = "How to Report Statistics in Medicine",
  publisher  = "American College of Physicians",
  address    = "Philadelphia",
  year    =  "1997",
  pages    = "231-235",
}


}@ARTICLE{Higgins:Spiegelhalter:2002,
  AUTHOR = 	 {Higgins, Julian P and Spiegelhalter, David J},
  TITLE = 	 {{Being sceptical about meta-analysis: a Bayesian perspective on magnesium trials in myocardial infarction}},
  JOURNAL = 	 {International Journal of Epidemiology},
  YEAR = 	 {2002},
  DOI =          {},
  VOLUME = 	 {31},
  PAGES = 	 {96-104},
}
