% bibtex file for  Chapter 05

@article{parmar1994chart,
  title={{The CHART trials: Bayesian design and monitoring in practice}},
  author={Parmar, Mahesh KB and Spiegelhalter, David J and Freedman, Laurence S and CHART Steering Committee},
  journal={Statistics in Medicine},
  volume={13},
  number={13-14},
  pages={1297--1312},
  year={1994},
  publisher={Wiley Online Library}
}

@article{spiegelhalter1994bayesian,
  title={Bayesian approaches to randomized trials},
  author={Spiegelhalter, David J and Freedman, Laurence S and Parmar, Mahesh KB},
  journal={Journal of the Royal Statistical Society: Series A (Statistics in Society)},
  volume={157},
  number={3},
  pages={357--387},
  year={1994},
  publisher={Wiley Online Library}
}

@article{kadane1998experiences,
  title={Experiences in elicitation},
  author={Kadane, Joseph and Wolfson, Lara J},
  journal={Journal of the Royal Statistical Society: Series D (The Statistician)},
  volume={47},
  number={1},
  pages={3--19},
  year={1998},
  publisher={Wiley Online Library}
}

@article{cornfield1969,
  title={{The Bayesian outlook and its applications}},
  author={Cornfield, J.},
  journal={Biometrics},
  volume={25},
  number={ },
  pages={617--657},
  year={1969}
  }

@article{box1980sampling,
  title={{Sampling and Bayes' inference in scientific modelling and robustness}},
  author={Box, George EP},
  journal={Journal of the Royal Statistical Society: Series A (General)},
  volume={143},
  number={4},
  pages={383--404},
  year={1980},
  publisher={Wiley Online Library}
}

@article{pocock1992domiciliary,
  title={Domiciliary thrombolysis by general practitioners.},
  author={Pocock, SJ and Spiegelhalter, DJ},
  journal={BMJ: British Medical Journal},
  volume={305},
  number={6860},
  pages={1015},
  year={1992},
  publisher={BMJ Publishing Group}
}


@article{sasahara1973urokinase,
  title={The urokinase in pulmonary embolism trial: A national cooperative study},
  author={Sasahara, Arthur Asao},
  journal={Circulation},
  volume={47},
  pages={1--108},
  year={1973}
}