% bibtex file for  Chapter 02
