% bibtex file for  Chapter 01

@misc{fienberg1992brief,
  title={A brief history of statistics in three and one-half chapters: A review essay},
  author={Fienberg, Stephen E},
  year={1992},
  publisher={JSTOR}
}

@inproceedings{de1961bayesian,
  title={The {B}ayesian approach to the rejection of outliers},
  author={De Finetti, Bruno},
  booktitle={Proceedings of the fourth Berkeley Symposium on Probability and Statistics},
  volume={1},
  pages={199--210},
  year={1961},
  organization={University of California Press Berkeley}
}
