% bibtex file for  Chapter 08

@article{fletcher1993implications,
  title={Implications for trials in progress of publication of positive results},
  author={Fletcher, Astrid and Spiegelhalter, David and Staessen, Jan and Thijs, Lutgarde and Bulpitt, Christopher},
  journal={The Lancet},
  volume={342},
  number={8872},
  pages={653--657},
  year={1993},
  publisher={Elsevier}
}

@article{parmar1996assessing,
  title={Assessing whether to perform a confirmatory randomized clinical trial},
  author={Parmar, Mahesh KB and Ungerleider, Richard S and Simon, Richard},
  journal={JNCI: Journal of the National Cancer Institute},
  volume={88},
  number={22},
  pages={1645--1651},
  year={1996},
  publisher={Oxford University Press}
}

@article{dillman1990randomized,
  title={A randomized trial of induction chemotherapy plus high-dose radiation versus radiation alone in stage III non-small-cell lung cancer},
  author={Dillman, Robert O and Seagren, Stephen L and Propert, Kathleen J and Guerra, Julio and Eaton, Walter L and Perry, Michael C and Carey, Robert W and Frei III, Emil F and Green, Mark R},
  journal={New England Journal of Medicine},
  volume={323},
  number={14},
  pages={940--945},
  year={1990},
  publisher={Mass Medical Soc}
}

@article{cornfield1976recent,
  title={Recent methodological contributions to clinical trials},
  author={Cornfield, Jerome},
  journal={American Journal of Epidemiology},
  volume={104},
  number={4},
  pages={408--421},
  year={1976},
  publisher={Citeseer}
}

@article{gould1998multi,
  title={Multi-centre trial analysis revisited},
  author={Gould, A Lawrence},
  journal={Statistics in Medicine},
  volume={17},
  number={15-16},
  pages={1779--1797},
  year={1998},
  publisher={Wiley Online Library}
}

@article{spiegelhalter2001bayesian,
  title={Bayesian methods for cluster randomized trials with continuous responses},
  author={Spiegelhalter, David J},
  journal={Statistics in Medicine},
  volume={20},
  number={3},
  pages={435--452},
  year={2001},
  publisher={Wiley Online Library}
}

@article{turner2001bayesian,
  title={Bayesian methods of analysis for cluster randomized trials with binary outcome data},
  author={Turner, Rebecca M and Omar, Rumana Z and Thompson, Simon G},
  journal={Statistics in Medicine},
  volume={20},
  number={3},
  pages={453--472},
  year={2001},
  publisher={Wiley Online Library}
}

@article{etzioni1994monitoring,
  title={Monitoring of a pilot toxicity study with two adverse outcomes},
  author={Etzioni, Ruth and Pepe, Margaret Sullivan},
  journal={Statistics in Medicine},
  volume={13},
  number={22},
  pages={2311--2321},
  year={1994},
  publisher={Wiley Online Library}
}

@article{dominici1998testing,
  title={{Testing simultaneous hypotheses in pharmaceutical trials: a Bayesian approach}},
  author={Dominici, Francesca},
  journal={Journal of Biopharmaceutical Statistics},
  volume={8},
  number={2},
  pages={283--297},
  year={1998},
  publisher={Taylor \& Francis}
}

@article{thall1998some,
  title={{Some extensions and applications of a Bayesian strategy for monitoring multiple outcomes in clinical trials}},
  author={Thall, Peter F and Sung, Hsi-Guang},
  journal={Statistics in Medicine},
  volume={17},
  number={14},
  pages={1563--1580},
  year={1998},
  publisher={Wiley Online Library}
}

@article{waller1969bayes,
  title={{A Bayes rule for the symmetric multiple comparisons problem}},
  author={Waller, Ray A and Duncan, David B},
  journal={Journal of the American Statistical Association},
  volume={64},
  number={328},
  pages={1484--1503},
  year={1969},
  publisher={Taylor \& Francis Group}
}

@article{brant1992k,
  title={$k$-ratio $t$ tests for multiple comparisons involving several treatments and a control},
  author={Brant, Larry J and Duncan, David B and Dixon, Dennis O},
  journal={Statistics in Medicine},
  volume={11},
  number={7},
  pages={863--873},
  year={1992},
  publisher={Wiley Online Library}
}

@article{pocock1976combination,
  title={The combination of randomized and historical controls in clinical trials},
  author={Pocock, Stuart J},
  journal={Journal of Chronic Diseases},
  volume={29},
  number={3},
  pages={175--188},
  year={1976},
  publisher={Elsevier}
}

@article{ware1989investigating,
  title={Investigating Therapies of Potentially Great Benefit: {ECMO}},
  author={Ware, James H},
  journal={Statistical Science},
  volume={4},
  number={4},
  pages={298--306},
  year={1989}
}

@article{kass1989investigating,
  title={{Comments on "Investigating therapies of potentially great benefit: ECMO" by J H Ware.}},
  author={Kass, Robert E and Greenhouse, Joel B},
  journal={Statistical Science},
  volume={4},
  number={4},
  pages={310--317},
  year={1989},
  publisher={JSTOR}
}

@article{berry1989monitoring,
  title={Monitoring accumulating data in a clinical trial.},
  author={Berry, DA},
  journal={Biometrics},
  volume={45},
  number={4},
  pages={1197--1211},
  year={1989}
}

@article{begg1989investigating,
  title={{Comments on "Investigating therapies of potentially great benefit: ECMO" by J H Ware.}},
  author={Begg, Colin B},
  journal={Statistical Science},
  volume={4},
  pages={320--322},
  year={1989},
  publisher={JSTOR}
}

@article{zucker1997combining,
  title={Combining single patient (N-of-1) trials to estimate population treatment effects and to evaluate individual patient responses to treatment},
  author={Zucker, DR and Schmid, CH and McIntosh, MW and D'agostino, RB and Selker, HP and Lau, J},
  journal={Journal of Clinical Epidemiology},
  volume={50},
  number={4},
  pages={401--410},
  year={1997},
  publisher={Elsevier}
}