% bibtex file for  Chapter 04
@article{held2018p,
  title={{On p-values and Bayes factors}},
  author={Held, Leonhard and Ott, Manuela},
  journal={Annual Review of Statistics and Its Application},
  volume={5},
  pages={393--419},
  year={2018},
  publisher={Annual Reviews}
}

@book{bland2015,
  title={{An Introduction to Medical Statistics}},
  author={Bland, Martin},
  year={2015},
  publisher={Oxford University Press (UK)}
}

@book{jeffreys,
  title={{Theory of Probability}},
  author={Harold Jeffreys},
  year={1961},
  publisher={Oxford University Press (UK)}
}

