% bibtex file for  Chapter 10
<<<<<<< HEAD
@book{eddy1992meta,
  title={Meta-analysis by the Confidence Profile Method},
  author={Eddy, David M and Hasselblad, Vic and Shachter, Ross and others},
  year={1992},
  publisher={Academic Press London}
}

@article{dersimonian1986meta,
  title={Meta-analysis in clinical trials},
  author={DerSimonian, Rebecca and Laird, Nan},
  journal={Controlled Clinical Trials},
  volume={7},
  number={3},
  pages={177--188},
  year={1986},
  publisher={Elsevier}
}

@book{sutton2000methods,
  title={Methods for Meta-Analysis in Medical Research},
  author={Sutton, Alex J and Abrams, Keith R and Jones, David R and Jones, David R and Sheldon, Trevor A and Song, Fujian},
  year={2000},
  publisher={Wiley Chichester}
}

@misc{eddy1990introduction,
  title={{An introduction to a Bayesian method for meta-analysis: the confidence profile method}},
  author={Eddy, David M and Hasselblad, Vic and Shachter, Ross},
  year={1990},
  publisher={Sage Publications Sage CA: Thousand Oaks, CA}
}

@article{liao1999hierarchical,
  title={{A hierarchical Bayesian model for combining multiple 2 $\times$ 2 tables using conditional likelihoods}},
  author={Liao, JG},
  journal={Biometrics},
  volume={55},
  number={1},
  pages={268--272},
  year={1999},
  publisher={Wiley Online Library}
}

@article{stijnen1990empirical,
  title={{Empirical Bayes methods in clinical trials meta-analysis}},
  author={Stijnen, Th and Van Houwelingen, JC},
  journal={Biometrical Journal},
  volume={32},
  number={3},
  pages={335--346},
  year={1990},
  publisher={Wiley Online Library}
}

@article{sutton2001bayesian,
  title={Bayesian methods in meta-analysis and evidence synthesis},
  author={Sutton, Alex J and Abrams, Keith R},
  journal={Statistical Methods in Medical Research},
  volume={10},
  number={4},
  pages={277--303},
  year={2001},
  publisher={Sage Publications Sage CA: Thousand Oaks, CA}
}



@article{higgins1996borrowing,
  title={Borrowing strength from external trials in a meta-analysis},
  author={Higgins, Julian PT and Whitehead, Anne},
  journal={Statistics in Medicine},
  volume={15},
  number={24},
  pages={2733--2749},
  year={1996},
  publisher={Wiley Online Library}
}

@article{sutton2002generalized,
  title={{Generalized synthesis of evidence and the threat of dissemination bias: the example of electronic fetal heart rate monitoring (EFM)}},
  author={Sutton, Alexander J and Abrams, Keith R and Jones, David R},
  journal={Journal of Clinical Epidemiology},
  volume={55},
  number={10},
  pages={1013--1024},
  year={2002},
  publisher={Elsevier}
}

@article{hoes1995diuretics,
  title={Diuretics, $\beta$-blockers, and the risk for sudden cardiac death in hypertensive patients},
  author={Hoes, Arno W and Grobbee, Diederick E and Lubsen, Jacobus and van der Does, Emiel and Hofman, Albert and others},
  journal={Annals of Internal Medicine},
  volume={123},
  number={7},
  pages={481--487},
  year={1995},
  publisher={Am Coll Physicians}
}

@article{arends2000baseline,
  title={Baseline risk as predictor of treatment benefit: three clinical meta-re-analyses},
  author={Arends, Lidia R and Hoes, Arno W and Lubsen, Jacobus and Grobbee, Diederik E and Stijnen, Theo},
  journal={Statistics in Medicine},
  volume={19},
  number={24},
  pages={3497--3518},
  year={2000},
  publisher={Wiley Online Library}
}
=======
>>>>>>> b939def217dc0443eb3456c059732b240ef27602
