% bibtex file for  Chapter 06
@book{sam:2004,
   AUTHOR = {Spiegelhalter, D. J. and Abrams, K. R. and Myles, J. P. },
   YEAR   = {2004},
   TITLE  = {{Bayesian Approaches to Clinical Trials and Health-Care Evaluation}},
   PUBLISHER = {Wiley},
   ADDRESS = {New York}
   }
