% bibtex file for  Chapter 09
@article{concato2000randomized,
  title={Randomized, controlled trials, observational studies, and the hierarchy of research designs},
  author={Concato, John and Shah, Nirav and Horwitz, Ralph I},
  journal={New England Journal of Medicine},
  volume={342},
  number={25},
  pages={1887--1892},
  year={2000},
  publisher={Mass Medical Soc}
}

@article{heisterkamp1993disease,
  title={{Disease mapping using empirical Bayes and Bayes methods on mortality statistics in The Netherlands}},
  author={Heisterkamp, SH and Doornbos, G and Gankema, M},
  journal={Statistics in Medicine},
  volume={12},
  number={19-20},
  pages={1895--1913},
  year={1993},
  publisher={Wiley Online Library}
}

@article{bernardinelli1995bayesian,
  title={Bayesian analysis of space--time variation in disease risk},
  author={Bernardinelli, L and Clayton, D and Pascutto, C and Montomoli, C and Ghislandi, M and Songini, M},
  journal={Statistics in Medicine},
  volume={14},
  number={21-22},
  pages={2433--2443},
  year={1995},
  publisher={Wiley Online Library}
}

@article{richardson1995spatial,
  title={{Spatial variation of natural radiation and childhood leukaemia incidence in Great Britain}},
  author={Richardson, Sylvia and Monfort, Christine and Green, Martyn and Draper, Gerald and Muirhead, Colin},
  journal={Statistics in Medicine},
  volume={14},
  number={21-22},
  pages={2487--2501},
  year={1995},
  publisher={Wiley Online Library}
}

@book{ashby1996bayesian,
  title={{Bayesian Epidemiology}},
  author={Ashby, Deborah and Hutton, Jane L},
  year={1996},
  publisher={New York: Marcel Dekker}
}

@article{richardson1993bayesian,
  title={{A Bayesian approach to measurement error problems in epidemiology using conditional independence models}},
  author={Richardson, Sylvia and Gilks, Walter R},
  journal={American Journal of Epidemiology},
  volume={138},
  number={6},
  pages={430--442},
  year={1993},
  publisher={Oxford University Press}
}

@article{raghunathan1996multiple,
  title={A Multiple-Imputation Analysis of a Case-Control Study of the Risk of Primary Cardiac Arrest Among Pharmacologicallytreated Hypertensives},
  author={Raghunathan, Trivellore E and Siscovick, David S},
  journal={Journal of the Royal Statistical Society: Series C (Applied Statistics)},
  volume={45},
  number={3},
  pages={335--352},
  year={1996},
  publisher={Wiley Online Library}
}

@article{ashby1993simple,
  title={{Simple Bayesian analyses for case-control studies in cancer epidemiology}},
  author={Ashby, Deborah and Hutton, Jane L and McGee, Magnus A},
  journal={Journal of the Royal Statistical Society: Series D (The Statistician)},
  volume={42},
  number={4},
  pages={385--397},
  year={1993},
  publisher={Wiley Online Library}
}

@article{craig1999bayesian,
  title={{A Bayesian approach to modelling the natural history of a chronic condition from observations with intervention}},
  author={Craig, Bruce A and Fryback, Dennis G and Klein, Ronald and Klein, Barbara EK},
  journal={Statistics in Medicine},
  volume={18},
  number={11},
  pages={1355--1371},
  year={1999},
  publisher={Wiley Online Library}
}

@article{lilford1996debate,
  title={For Debate: The statistical basis of public policy: a paradigm shift is overdue},
  author={Lilford, RJ and Braunholtz, D},
  journal={BMJ},
  volume={313},
  number={7057},
  pages={603--607},
  year={1996},
  publisher={British Medical Journal Publishing Group}
}

@article{marshall1998reliability,
  title={{Reliability of league tables of in vitro fertilisation clinics: retrospective analysis of live birth rates. Commentary: how robust are rankings? The implications of confidence intervals}},
  author={Marshall, E Clare and Sanderson, Colin and Spiegelhalter, David J and McKee, Martin},
  journal={BMJ},
  volume={316},
  number={7146},
  pages={1701--1705},
  year={1998},
  publisher={British Medical Journal Publishing Group}
}


@article{abrams1994simple,
  title={{Simple Bayesian analysis in clinical trials: a tutorial}},
  author={Abrams, Keith and Ashby, Deborah and Errington, Doug},
  journal={{Controlled Clinical Trials}},
  volume={15},
  number={5},
  pages={349--359},
  year={1994},
  publisher={Elsevier}
}

@book{Lee2012,
 author = {Lee, Peter M.},
 title = {{Bayesian Statistics: An Introduction}},
 year = {2012},
 edition = {4th},
 publisher = {Wiley Publishing},
} 